@book{veerarajan2008probability,
  title={Probability, Statistics and Random Processes},
  author={Veerarajan, T.},
  isbn={9780070669253},
  url={https://books.google.co.in/books?id=quctsgjLbJoC},
  year={2008},
  publisher={Tata McGraw-Hill},
address   = {India}
}
@book{grewal2003higher,
  title={Higher Engineering Mathematics},
  author={Grewal, B.S. and Grewal, J.S.},
  isbn={9788174091154},
  url={https://books.google.co.in/books?id=73CJtwAACAAJ},
  year={2003},
  publisher={Khanna}
}
@book{9647,
	author = {KUMBHOJKAR, G.V.},
	title = {APPLIED MATHEMATICS III},
	address = {MUMBAI},
	edition = {2nd.}
}


